@misc{stocco2022torusonepointblock2d,
      title={The torus one-point block of 2d CFT and null vectors in $\hat{\mathfrak{sl_2}}$}, 
      author={Dario Stocco},
      year={2022},
      eprint={2209.08653},
      archivePrefix={arXiv},
      primaryClass={hep-th},
      url={https://arxiv.org/abs/2209.08653}, 
}
@misc{ribault2022conformalfieldtheoryplane,
      title={Conformal field theory on the plane}, 
      author={Sylvain Ribault},
      year={2022},
      eprint={1406.4290},
      archivePrefix={arXiv},
      primaryClass={hep-th},
      url={https://arxiv.org/abs/1406.4290}, 
}