@article{Ribault:2024rvk,
    author = "Ribault, Sylvain",
    title = "{Exactly solvable conformal field theories}",
    eprint = "2411.17262",
    archivePrefix = "arXiv",
    primaryClass = "hep-th",
    month = "11",
    year = "2024"
}
@article{Gaberdiel:2001ny,
    author = "Gaberdiel, Matthias R",
    title = "{Fusion rules and logarithmic representations of a WZW model at fractional level}",
    eprint = "hep-th/0105046",
    archivePrefix = "arXiv",
    reportNumber = "KCL-MTH-01-10",
    doi = "10.1016/S0550-3213(01)00490-4",
    journal = "Nucl. Phys. B",
    volume = "618",
    pages = "407--436",
    year = "2001"
}
@article{Stocco:2022gah,
    author = "Stocco, Dario",
    title = "{The torus one-point block of 2d CFT and null vectors in $\hat{\mathfrak{sl_2}}$}",
    eprint = "2209.08653",
    archivePrefix = "arXiv",
    primaryClass = "hep-th",
    month = "9",
    year = "2022"
}
@article{Ribault:2014hia,
    author = "Ribault, Sylvain",
    title = "{Conformal field theory on the plane}",
    eprint = "1406.4290",
    archivePrefix = "arXiv",
    primaryClass = "hep-th",
    month = "6",
    year = "2014"
}